<?xml version="1.0" encoding="UTF-8"?><collection xmlns="http://www.loc.gov/MARC21/slim"><record><leader>00304nam--2200121-i-4500</leader><controlfield tag="001">000022649</controlfield><controlfield tag="002">20161230</controlfield><controlfield tag="005">20161230201034</controlfield><controlfield tag="008">060222s1000------------r-----000-0-eng-d</controlfield><datafield ind1=" " ind2=" " tag="080"><subfield code="a">539.1.07</subfield></datafield><datafield ind1=" " ind2=" " tag="245"><subfield code="a">L`industrie nucleire francaise</subfield></datafield><datafield ind1=" " ind2=" " tag="260"><subfield code="a">Paris,Commissariat A L`Energie Atomique,1967</subfield></datafield><datafield ind1=" " ind2=" " tag="852"><subfield code="a">25904</subfield></datafield></record></collection>